%--------------
% Introduction
%--------------


@inproceedings{nodeo,
  title={NodEO, a multi-paradigm distributed evolutionary algorithm platform in {JavasSript}},
  author={Merelo, Juan-Juli{\'a}n and Castillo, Pedro and Mora, Antonio and Esparcia-Alc{\'a}zar, Anna and Rivas-Santos, V{\'\i}ctor},
  booktitle={Proceedings of the 2014 conference companion on Genetic and evolutionary computation companion},
  pages={1155--1162},
  year={2014},
  organization={ACM}
}

@article{nodio,
  title={NodIO, a JavaScript framework for volunteer-based evolutionary algorithms: first results},
  author={Merelo, Juan-J and Garc{\'\i}a-Valdez, Mario and Castillo, Pedro A and Garc{\'\i}a-S{\'a}nchez, Pablo and Cuevas, P and Rico, Nuria},
  journal={arXiv preprint arXiv:1601.01607},
  year={2016}
}



@article{gimps,
  title={GIMPS},
  author={Woltman, G and others},
  journal={The Great Internet Mersenne Prime Search},
  year={2008}
}

@article{climate,
  title={Distributed computing for public-interest climate modeling research},
  author={Stainforth, Dave and Allen, M and Collins, Michael and Murphy, John},
  journal={Computing in Science \& Engineering},
  volume={4},
  number={3},
  pages={82--89},
  year={2002},
  publisher={IEEE}
}



@article{seti,
  title={SETI@ home: an experiment in public-resource computing},
  author={Anderson, David P and Cobb, Jeff and Korpela, Eric and Lebofsky, Matt and Werthimer, Dan},
  journal={Communications of the ACM},
  volume={45},
  number={11},
  pages={56--61},
  year={2002},
  publisher={ACM}
}



@article{merelo2015modeling,
  title={Modeling browser-based distributed evolutionary computation systems},
  author={Merelo-Guerv{\'o}s, Juan Juli{\'a}n and Garc{\'\i}a-S{\'a}nchez, Pablo},
  journal={arXiv preprint arXiv:1503.06424},
  year={2015}
}

@article{baratloo1999charlotte,
  title={Charlotte: Metacomputing on the web},
  author={Baratloo, Arash and Karaul, Mehmet and Kedem, Zvi M and Wijckoff, Peter},
  journal={Future Generation Computer Systems},
  volume={15},
  number={5},
  pages={559--570},
  year={1999},
  publisher={Elsevier}
}

@article{alexandrov1997superweb,
  title={SuperWeb: research issues in Java-based global computing},
  author={Alexandrov, Albert D and Ibel, Maximilian and Schauser, Klaus E and Scheiman, Chris J},
  journal={Concurrency - Practice and Experience},
  volume={9},
  number={6},
  pages={535--553},
  year={1997}
}


@incollection{sarmenta1998bayaniha,
  title={Bayanihan: Web-based volunteer computing using Java},
  author={Sarmenta, Luis FG},
  booktitle={Worldwide Computing and Its Applications-WWCA'98},
  pages={444--461},
  year={1998},
  publisher={Springer}
}

@inproceedings{anderson2006computational,
  title={The computational and storage potential of volunteer computing},
  author={Anderson, David P and Fedak, Gilles},
  booktitle={Cluster Computing and the Grid, 2006. CCGRID 06. Sixth IEEE International Symposium on},
  volume={1},
  pages={73--80},
  year={2006},
  organization={IEEE}
}


@article{durrani2014volunteer,
  title={Volunteer computing: requirements, challenges, and solutions},
  author={Durrani, Muhammad Nouman and Shamsi, Jawwad A},
  journal={Journal of Network and Computer Applications},
  volume={39},
  pages={369--380},
  year={2014},
  publisher={Elsevier}
}

@incollection{cole2010evolutionary,
  title={Evolutionary algorithms on volunteer computing platforms: The {MilkyWay}@Home project},
  author={Cole, Nate and Desell, Travis and Gonz{\'a}lez, Daniel Lombrana and de Vega, Francisco Fern{\'a}ndez and Magdon-Ismail, Malik and Newberg, Heidi and Szymanski, Boleslaw and Varela, Carlos},
  booktitle={Parallel and distributed computational intelligence},
  pages={63--90},
  year={2010},
  publisher={Springer}
}

@article{sarmenta2002sabotage,
  title={Sabotage-tolerance mechanisms for volunteer computing systems},
  author={Sarmenta, Luis FG},
  journal={Future Generation Computer Systems},
  volume={18},
  number={4},
  pages={561--572},
  year={2002},
  publisher={Elsevier}
}

@phdthesis{sarmenta2001volunteer,
  title={Volunteer computing},
  author={Sarmenta, Luis FG},
  year={2001},
  school={Massachusetts Institute of Technology}
}

@article{sanz2010ibercivis,
  title={Ibercivis: la ciencia en casa: la computaci{\'o}n voluntaria},
  author={Sanz, Ferm{\'\i}n Serrano},
  journal={Alkaid: revista multitem{\'a}tica},
  number={9},
  volume={1},
  pages={12--17},
  year={2010},
  publisher={Alkaid ediciones}
}

@incollection{ries2012berkeley,
  title={Berkeley Open Infrastructure for Network Computing},
  author={Ries, Christian Benjamin},
  booktitle={BOINC},
  pages={27--33},
  year={2012},
  publisher={Springer}
}

@misc{ibmwcg,
  author = {IBM},
  title = {{IBM World Community Grid}},
  howpublished = "\url{http://www.worldcommunitygrid.org/}"
}


@misc{jadif,
 author = {Jadif Team},
 title = {{Jadif}},
 howpublished = "\url{http://jadif.sourceforge.net/}"
}

@inproceedings{baratloo1996charlotte,
  title={Charlotte: Metacomputing on the Web},
  author={Baratloo, Arash and Karaul, Mehmet and Kedem, Zvi and Wyckoff, Peter},
  booktitle={Proceedings of the 9th Conference on Parallel and Distributed Computing Systems},
  year={1996},
  organization={Citeseer}
}

@inproceedings{chandy1996world,
  title={A world-wide distributed system using {J}ava and the {I}nternet},
  author={Chandy, E Mani and Rifkin, Adam and Sivilotti, Paolo AG and Mandelson, Jacob and Richardson, Matthew and Tanaka, Wesley and Weisman, Luke},
  booktitle={High Performance Distributed Computing, 1996., Proceedings of 5th IEEE International Symposium on},
  pages={11--18},
  year={1996},
  organization={IEEE}
}

@inproceedings{Baldeschwieler:1996:TIG:504450.504482,
 author = {Baldeschwieler, J. Eric and Blumofe, Robert D. and Brewer, Eric A.},
 title = {ATLAS: An Infrastructure for Global Computing},
 booktitle = {Proceedings of the 7th Workshop on ACM SIGOPS European Workshop: Systems Support for Worldwide Applications},
 series = {EW 7},
 year = {1996},
 location = {Connemara, Ireland},
 pages = {165--172},
 numpages = {8},
 url = {http://doi.acm.org/10.1145/504450.504482},
 doi = {10.1145/504450.504482},
 acmid = {504482},
 publisher = {ACM},
 address = {New York, NY, USA},
} 

@book{araujo2009algoritmos,
  title={Algoritmos evolutivos: un enfoque pr{\'a}ctico},
  author={Araujo, Lourdes and Cervig{\'o}n, Carlos},
  year={2009},
  publisher={Alfaomega}
}

@Misc{hispalinux2002,
  author =	 {Juan Juli\'an Merelo},
  title =	 {Algoritmos evolutivos en {P}erl},
  howpublished = {Ponencia presentada en el V Congreso Hispalinux, disponible en \url{http://congreso.hispalinux.es/ponencias/merelo/ae-hispalinux2002.html}},
  month =	 {Noviembre},
  year =	 2002
}


@InProceedings{maeb03:maribel,
  author = 	 {M.G. Arenas and P.A. Castillo and G. Romero and Juan Julián Merelo-Guerv\'os },
  title = 	 {Distribuci\'on de Informaci\'on en Algoritmos Evolutivos {P2P}},
  booktitle = 	 {MAEB03, Segundo Congreso Espa\~nol sobre Metaheur\'isticas, Algoritmos Evolutivos y Bioinspirados},
  year = 2003,
  pages = {85--92}
}

@InProceedings{maeb2007:dcor,
  author = 	 {Juan Juli\'an Merelo and Antonio Mora Garc\'ia and Juan Lupi\'on},
  title = 	 {Escalado de computaci\'on distribuida sobre ra\'iles},
  pages = {143--150},
  booktitle = 	 {Actas MAEB 2007},
  crossref =	 {maeb:2007}
}


@InProceedings{ LNCS2439:ID197:pp665,
		  author = 	 { M.G. Arenas and Pierre Collet and A.E. Eiben and M'ark
				Jelasity and J.J. Merelo and Ben Paechter and Mike Preu\ss and Marc Schoenauer},
		    title = 	 {A Framework for Distributed Evolutionary Algorithms},
crossref={ppsn2002},
  abstract = {his paper describes the recently released DREAM

  (Distributed Resource Evolutionary Algorithm Machine) framework for

  the automatic distribution of evolutionary algorithm (EA) processing

  through a virtual machine built from large numbers of individual

  machines linked by  standard Internet protocols. The
  framework allows five different user entry points which depend on
  the knowledge and requirements of the user. At the highest level,
  users may specify and run distributed EAs simply by manipulating
  graphical displays. At the lowest level the framework turns becomes a
  P2P (Peer to Peer)  mobile agent system, that may be used for
  the automatic distribution of a class of processes including, but
  not limited to, EAs.}
}


@Proceedings{ppsn2002,
  title = 	 {Parallel Problem Solving from Nature - PPSN VII, 7th International Conference, Granada, Spain, September 7-11, 2002. Proceedings},
  year = 	 2002,
  key =		 {PPSN2002},
  editor =	 {J.-J. Merelo-Guerv\'os and P. Adamidis and H.-G. Beyer and J.-L. Fern\'andez-Villaca\~nas and H.-P. Schwefel},
  number =	 2439,
  series =	 {Lecture Notes in Computer Science,LNCS},
  month =	 {September},
  publisher =	 {Springer-Verlag},
 annote={Available from \url{http://www.amazon.com/exec/obidos/ASIN/3540441395/perltutobyjjmere} and \url{http://www.springeronline.com/sgw/cda/frontpage/0,10735,5-40109-22-2240086-0,00.html}}
}

@Proceedings{maeb:2007,
  title = 	 {V Congreso Espa\~nol sobre Metaheur\'isticas, Algoritmos Evolutivos y Bioinspirados},
editor = { Francisco Almeida-Rodr\'iguez and Belén Meli\'an-Batista and Jos\'e A. Moreno-P\'erez and J. Marcos Moreno-Vega},
isbn = {978.84-690-3470-5},
  year = 	 2007
}
